\begin{verbatim}

@Manual{wickham_mutatr,
  title        = {mutatr: Prototype-based mutable objects for R},
  author       = {Hadley Wickham},
  year         = {2011},
  note         = {R package version 1.0},
  url          = {https://github.com/hadley/mutatr},
}

@Article{wickham2011testthat,
  author    = {Hadley Wickham},
  title     = {testthat: Get Started with Testing},
  journal   = {The R Journal},
  year      = {2011},
  volume    = {3},
  pages     = {5--10},
  url       = {https://journal.r-project.org/archive/2011-1/RJournal_2011-1_Wickham.pdf},
}

@Manual{R-base,
  title        = {R: A Language and Environment for Statistical Computing},
  author       = {{R Core Team}},
  organization = {R Foundation for Statistical Computing},
  address      = {Vienna, Austria},
  year         = {2024},
  url          = {https://www.R-project.org/},
}

@inproceedings{petrovic2018industrial,
  author    = {Petrovic, Marko and Ivankovic, Marko},
  title     = {An Industrial Application of Mutation Testing: Lessons, Challenges, and Research Directions},
  booktitle = {2018 IEEE International Conference on Software Testing, Verification and Validation Workshops (ICSTW)},
  pages     = {47--53},
  year      = {2018},
  publisher = {IEEE},
  doi       = {10.1109/ICSTW.2018.00027},
  url       = {https://homes.cs.washington.edu/~rjust/publ/industrial_mutation_icst_2018.pdf},
}

@article{jia2011analysis,
  title     = {An analysis and survey of the development of mutation testing},
  author    = {Jia, Yue and Harman, Mark},
  journal   = {IEEE Transactions on Software Engineering},
  volume    = {37},
  number    = {5},
  pages     = {649--678},
  year      = {2011},
  publisher = {IEEE},
}

@article{offutt1996practical,
  title     = {A practical system for mutation testing: Help for the common programmer},
  author    = {Offutt, Jeff and Ma, Yu-Seung and Kwon, Yong Rae},
  journal   = {IEEE International Test Conference (ITC)},
  pages     = {824--830},
  year      = {1996},
  publisher = {IEEE},
}

@book{wickham2014advanced,
  author    = {Wickham, Hadley},
  title     = {Advanced R},
  year      = {2014},
  publisher = {CRC Press},
}

@book{wickham2019r4ds,
  author    = {Wickham, Hadley and Grolemund, Garrett},
  title     = {R for Data Science},
  year      = {2019},
  publisher = {O'Reilly Media},
}

@article{gentleman2004bioconductor,
  author    = {Gentleman, Robert C and Carey, Vincent J and Bates, Douglas M and others},
  title     = {Bioconductor: open software development for computational biology and bioinformatics},
  journal   = {Genome Biology},
  volume    = {5},
  number    = {10},
  pages     = {R80},
  year      = {2004},
  publisher = {BioMed Central},
}

@book{wickham2015rpackages,
  author    = {Wickham, Hadley},
  title     = {R packages: organize, test, document, and share your code},
  year      = {2015},
  publisher = {O'Reilly Media},
}

@inproceedings{offutt2010mutation,
  author    = {Offutt, Jeff and Lee, Andy and Rothermel, Gregg and Untch, Roland and Zapf, Christian},
  title     = {An Experimental Determination of Sufficient Mutation Operators},
  booktitle = {Proceedings of the 27th International Conference on Software Maintenance (ICSM)},
  year      = {2010},
  pages     = {84--93},
  publisher = {IEEE},
  doi       = {10.1109/ICSM.2010.5609569},
  url       = {https://ieeexplore.ieee.org/document/5609569},
}

@article{tian2024large,
  title     = {Large Language Models for Equivalent Mutant Detection: How Far Are We?},
  author    = {Tian, Zhao and Shu, Honglin and Wang, Dong and Cao, Xuejie and Kamei, Yasutaka and Chen, Junjie},
  journal   = {arXiv preprint arXiv:2408.01760},
  year      = {2024},
  url       = {https://arxiv.org/abs/2408.01760},
  note      = {Accepted at ISSTA 2024},
}

@Manual{wickham2019devtools,
  title = {devtools: Tools to Make Developing {R} Packages Easier},
  author = {Wickham, Hadley and Chang, Winston and Henry, Lionel and Pedersen, Thomas Lin and Takahashi, Kohske and Wilke, Claus and Woo, Kara and Yutani, Hiroaki},
  year   = {2019},
  note   = {R package version 2.3.2},
  url    = {https://CRAN.R-project.org/package=devtools},
}

@Article{ooms2014jsonlite,
  title         = {The {{jsonlite}} package: a practical and consistent mapping between {{JSON}} data and {{R}} objects},
  author        = {Ooms, Jeroen},
  journal       = {arXiv:1403.2805 [stat.CO]},
  year          = {2014},
  eprint        = {1403.2805},
  archivePrefix = {arXiv},
}

@Manual{wickham2011httr,
  title = {{httr}: Tools for Working with URLs and HTTP},
  author = {Wickham, Hadley},
  year   = {2011},
  note   = {R package version 1.4.2},
  url    = {https://CRAN.R-project.org/package=httr},
}

@Manual{Vaughan2020furrr,
  title = {{furrr}: Apply Mapping Functions in Parallel using Futures},
  author = {Vaughan, Duncan and Kuhn, Max and Hester, Jim},
  year   = {2020},
  note   = {R package version 0.2.2},
  url    = {https://CRAN.R-project.org/package=furrr},
}

@Manual{google2023gtest,
  title = {{GoogleTest}: C++ Testing and Mocking Framework},
  author = {{GoogleTest Team}},
  year   = {2023},
  url    = {https://github.com/google/googletest},
}

@Manual{openai2023api,
  title = {{OpenAI API Reference}},
  author = {{OpenAI}},
  year   = {2023},
  url    = {https://beta.openai.com/docs/api-reference},
}

@article{brown2020language,
  title   = {Language Models are Few-Shot Learners},
  author  = {Brown, Tom B. and Mann, Benjamin and Ryder, Nick and Subbiah, Melanie and Kaplan, Jared and Dhariwal, Prafulla and Neelakantan, Arvind and Shyam, Pranav and Sastry, Girish and Askell, Amanda and others},
  journal = {Advances in Neural Information Processing Systems},
  volume  = {33},
  pages   = {1877--1901},
  year    = {2020},
}

@inproceedings{vaswani2017attention,
  title     = {Attention Is All You Need},
  author    = {Vaswani, Ashish and Shazeer, Noam and Parmar, Niki and Uszkoreit, Jakob and Jones, Llion and Gomez, Aidan N. and Kaiser, Łukasz and Polosukhin, Illia},
  booktitle = {Advances in Neural Information Processing Systems},
  volume    = {30},
  year      = {2017},
}

@article{radford2019language,
  title   = {Language Models are Unsupervised Multitask Learners},
  author  = {Radford, Alec and Wu, Jeffrey and Child, Rewon and Luan, David and Amodei, Dario and Sutskever, Ilya},
  journal = {OpenAI Blog},
  volume  = {1},
  number  = {8},
  year    = {2019},
}

@article{liu2021pre,
  title   = {Pre-train, Prompt, and Predict: A Systematic Survey of Prompting Methods in Natural Language Processing},
  author  = {Liu, Pengfei and Yuan, Weizhi and Fu, Jinlan and Jiang, Zhengbao and Hayashi, Hiroaki and Neubig, Graham},
  journal = {arXiv preprint arXiv:2107.13586},
  year    = {2021},
}

@inproceedings{wei2022chain,
  title     = {Chain of Thought Prompting Elicits Reasoning in Large Language Models},
  author    = {Wei, Jason and Wang, Xuezhi and Schuurmans, Dale and Bosma, Maarten and Ichter, Brian and Xia, Fei and Le, Quoc V. and Zhou, Denny and Chi, Ed},
  booktitle = {Advances in Neural Information Processing Systems},
  volume    = {35},
  pages     = {24824--24837},
  year      = {2022},
}

@online{wickham_pairlists,
  author  = {Hadley Wickham},
  title   = {pairlists.md},
  date    = {2014-10-30},        % ideally the last‐modified date of the file or repo
  url     = {https://github.com/hadley/r-internals/blob/master/pairlists.md},
  urldate = {2025-05-06},        % the date you accessed it
}

@misc{iolanguage,
  title        = {The Io Programming Language},
  howpublished = {\url{https://iolanguage.org/}},
  note         = {Accessed 2025-05-03},
}

@online{rlib-gtable,
  author  = {{r-lib}},
  title   = {gtable: The layout packages that powers ggplot2},
  date    = {2024-10-26},           % date of the latest release
  url     = {https://github.com/r-lib/gtable},
  urldate = {2025-05-06},           % the date you accessed it
}

@online{dplyr,
  author  = {Wickham, Hadley and François, Romain and Henry, Lionel and Müller, Kirill},
  title   = {dplyr: A Grammar of Data Manipulation},
  date    = {2024-03-15},         % approximate release date, or leave out if unknown
  url     = {https://dplyr.tidyverse.org/},
  urldate = {2025-05-06},         % date you accessed it
}


\end{verbatim}